@BOOK{mcconnell:2004,
	title = {Code Complete 2nd Edition A practical handbook of software construction},
	publisher = {Microsoft Press},
	author = {McConnell, S.},
	year = {2004},
	edition = {2nd},
}
